<?xml version="1.0" encoding="UTF-8"?><record xmlns="http://www.loc.gov/MARC21/slim" xmlns:cinclude="http://apache.org/cocoon/include/1.0" xmlns:zs="http://www.loc.gov/zing/srw/">
  <leader>00364nz  a2200133n  4500</leader>
  <controlfield tag="001">no2011136544</controlfield>
  <controlfield tag="003">DLC</controlfield>
  <controlfield tag="005">20110902075243.0</controlfield>
  <controlfield tag="008">110831n| acannaabn          |n ana     c</controlfield>
  <datafield tag="010" ind1=" " ind2=" ">
    <subfield code="a">no2011136544</subfield>
  </datafield>
  <datafield tag="035" ind1=" " ind2=" ">
    <subfield code="a">(OCoLC)oca08962816</subfield>
  </datafield>
  <datafield tag="040" ind1=" " ind2=" ">
    <subfield code="a">MCR-S</subfield>
    <subfield code="b">eng</subfield>
    <subfield code="c">MCR-S</subfield>
  </datafield>
  <datafield tag="110" ind1="2" ind2=" ">
    <subfield code="a">Radcliffe College.</subfield>
    <subfield code="b">Class of 1912</subfield>
  </datafield>
  <datafield tag="670" ind1=" " ind2=" ">
    <subfield code="a">Anniversary report, Radcliffe class of 1912, 1937.</subfield>
  </datafield>
</record>